@online{na001,
  title = {Gene expression},
  journal = {Nature},
  url = {https://www.nature.com/subjects/gene-expression},
  lastaccessed = {May 29, 2019},
}

@article{Li2018,
  author = {Jianqiang Li and Doudou Zhou and Weiliang Qiu and Yuliang Shi and Ji-Jiang Yang and Shi Chen and Qing Wang and Hui Pan},
  title = {Application of Weighted Gene Co-expression Network Analysis for Data from Paired Design},
  journal = {Scientific Reports},
  issue_date = {January 12, 2018},
  volume = {8},
  issue = {1},
  articleno = {622},
  year = {2018},
  month = {January},
  day = {12},
  url = {https://doi.org/10.1038/s41598-017-18705-z},
  doi = {10.1038/s41598-017-18705-z},
  publisher = {Nature Research, Springer Nature},
}

@article{LangfelderHorvath2008,
  author = {Peter Langfelder and Steve Horvath},
  title = {WGCNA: an R package for weighted correlation network analysis},
  journal = {BMC Bioinformatics},
  issue_date = {December 29, 2008},
  volume = {9},
  issue = {1},
  articleno = {559},
  year = {2008},
  month = {December},
  day = {29},
  url = {https://doi.org/10.1186/1471-2105-9-559},
  doi = {10.1186/1471-2105-9-559},
  pubmedid = {19114008},
  publisher = {BioMed Central, Springer Nature},
}

@article{ZhangHorvath2005,
  author = {Bin Zhang and Steve Horvath},
  title = {A General Framework for Weighted Gene Co-Expression Network Analysis},
  journal = {Statistical Applications in Genetics and Molecular Biology},
  issue_date = {August 12, 2005},
  volume = {4},
  issue = {1},
  articleno = {17},
  year = {2005},
  month = {August},
  day = {12},
  url = {https://doi.org/10.2202/1544-6115.1128},
  doi = {10.2202/1544-6115.1128},
  publisher = {Walter de Gruyter GmbH},
}

@article{HorvathZhangEtal2006,
  author = {Steve Horvath and Bob Zhang and Marc Carlson and K. V. Lu and S. Zhu and Ramon M. Felciano and M. F. Laurance and W. Zhao and S. Qi and Zhouheng Chen and Y. Lee and Adrienne C. Scheck and Linda M. Liau and H. Wu and D. H. Geschwind and Phillip G. Febbo and Harley I. Kornblum and T. F. Cloughesy and Stanley F. Nelson and P. S. Mischel},
  title = {Analysis of oncogenic signaling networks in glioblastoma identifies ASPM as a molecular target},
  journal = {Proceedings of the National Academy of Sciences of the United States of America},
  issue_date = {November 14, 2006},
  volume = {103},
  articleno = {46},
  pages = {17402-17407},
  year = {2006},
  month = {November},
  day = {14},
  url = {https://doi.org/10.1073/pnas.0608396103},
  doi = {10.1073/pnas.0608396103},
  publisher = {United States National Academy of Sciences},
}

@article{YipHorvath2007,
  author = {Andy M. Yip and Steve Horvath},
  title = {Gene network interconnectedness and the generalized topological overlap measure},
  journal = {BMC Bioinformatics},
  issue_date = {January 24, 2007},
  volume = {8},
  issue = {1},
  articleno = {22},
  year = {2007},
  month = {January},
  day = {24},
  url = {https://doi.org/10.1186/1471-2105-8-22},
  doi = {10.1186/1471-2105-8-22},
  publisher = {BioMed Central, Springer Nature},
}

@article{vanDamEtal2017,
  author = {Sipko van Dam, Urmo V\~{o}sa, Adriaan van der Graaf, Lude Franke, Jo\~{a}o Pedro de Magalh\~{a}es},
  title = {Gene co-expression analysis for functional classification and gene-disease predictions},
  journal = {Briefings in Bioinformatics},
  issue_date = {January 10, 2017},
  volume = {19},
  issue = {4},
  pages = {575-592},
  year = {2017},
  month = {January},
  day = {10},
  url = {https://doi.org/10.1093/bib/bbw139},
  doi = {10.1093/bib/bbw139},
  publisher = {Oxford University Press},
}

@Incollection{Greenacre2008,
  author = {Michael Greenacre},
  title = {Hierarchical cluster analysis},
  booktitle = {STA254: Correspondence Analysis and Related Methods},
  publisher = {Department of Statistics, Stanford University},
  year = {2008},
  chapter = {7},
  pages = {1-10},
  url = {http://www.econ.upf.edu/~michael/stanford/maeb7.pdf},
  lastaccessed = {May 29, 2019},
}

@article{KarypisEtal1999,
  author = {George Karypis and Eui-Hong Han and Vipin Kumar},
  title = {Chameleon: hierarchical clustering using dynamic modeling },
  journal = {Computer},
  issue_date = {August 1999},
  volume = {32},
  issue = {8},
  pages = {68-75},
  year = {1999},
  month = {August},
  url = {https://doi.org/10.1109/2.781637},
  doi = {10.1109/2.781637},
  publisher = {Institute of Electrical and Electronics Engineers},
}

@article{BotiaEtal2017,
  author = {Juan A. Bot\'{i}a and Jana Vandrovcova and Paola Forabosco and Sebastian Guelfi and Karishma D'Sa and The United Kingdom Brain Expression Consortium and John Hardy and Cathryn M. Lewis and Mina Ryten and Michael E. Weale},
  title = {An additional k-means clustering step improves the biological features of WGCNA gene co-expression networks},
  journal = {BMC Systems Biology},
  issue_date = {April 12, 2017},
  volume = {11},
  issue = {1},
  articleno = {47},
  year = {2017},
  month = {April},
  day = {12},
  url = {https://doi.org/10.1186/s12918-017-0420-6},
  doi = {10.1186/s12918-017-0420-6},
  publisher = {BioMed Central, Springer Nature},
}

@article{HartiganWong1979,
  author = {J. A. Hartigan and M. A. Wong},
  title = {Algorithm AS 136: A K-Means Clustering Algorithm},
  journal = {Journal of the Royal Statistical Society. Series C (Applied Statistics)},
  issue_date = {1979},
  volume = {28},
  issue = {1},
  pages = {100-108},
  year = {1979},
  url = {https://doi.org/10.2307/2346830},
  doi = {10.2307/2346830},
  publisher = {Wiley for the Royal Statistical Society},
}

@inproceedings{EsterEtal1996,
 author = {Martin Ester and Hans-Peter Kriegel and J\"{o}rg Sander and Xiaowei Xu},
 title = {A Density-based Algorithm for Discovering Clusters a Density-based Algorithm for Discovering Clusters in Large Spatial Databases with Noise},
 booktitle = {Proceedings of the Second International Conference on Knowledge Discovery and Data Mining},
 series = {KDD'96},
 year = {1996},
 location = {Portland, Oregon},
 pages = {226--231},
 numpages = {6},
 url = {http://dl.acm.org/citation.cfm?id=3001460.3001507},
 acmid = {3001507},
 publisher = {AAAI Press},
}

@online{Lutins2017,
  author = {Evan Lutins},
  title = {DBSCAN: What is it? When to Use it? How to use it.},
  journal = {Medium},
  issue_date = {September 5, 2017},
  year = {2017},
  month = {September},
  day = {5},
  url = {https://medium.com/@elutins/dbscan-what-is-it-when-to-use-it-how-to-use-it-8bd506293818},
  lastaccessed = {May 29, 2019},
}

@inproceedings{KotsiantisandPintelas2004,
  author={Sotiris B. Kotsiantis and Panayiotis E. Pintelas},
  title={Recent Advances in Clustering : A Brief Survey},
  journal = {WSEAS Transactions on Information Science and Applications},
  issue_date = {January 2004},
  volume = {1},
  issue = {1},
  pages = {73-81},
  year = {2004},
  month = {January},
  url = {http://www.cs.utsa.edu/~bylander/cs6243/kotsiantis-clustering.pdf},
  lastaccessed = {May 29, 2019},
}

@article{ChoEtal1998,
  author = {Raymond J. Cho and Michael J. Campbell and Elizabeth A. Winzeler and Lars Steinmetz andAndrew Conway and Lisa Wodicka and Tyra G. Wolfsberg and Andrei E. Gabrielian and David Landsman and David J. Lockhart and Ronald W. Davis},
  title = {A Genome-Wide Transcriptional Analysis of the Mitotic Cell Cycle},
  journal = {Molecular Cell},
  issue_date = {July 1, 1998},
  volume = {2},
  issue = {1},
  pages = {65-73},
  year = {1998},
  month = {July},
  day = {1},
  url = {https://doi.org/10.1016/S1097-2765(00)80114-8},
  doi = {10.1016/S1097-2765(00)80114-8},
  publisher = {Cell Press},
}

@inproceedings{AliKadhum2017,
  author = {Huda Hamdan Ali and Lubna Emad Kadhum},
  title = {K-Means Clustering Algorithm Applications in Data Mining and Pattern Recognition},
  journal = {International Journal of Science and Research (IJSR)},
  issue_date = {August 2017},
  volume = {6},
  issue = {8},
  pages = {1577-1584},
  year = {2017},
  month = {August},
  url = {https://pdfs.semanticscholar.org/a430/da239982e691638b7193ac1947da8d0d241b.pdf},
  doi = {10.21275/ART20176024},
  publisher = {International Journal of Science and Research (IJSR)},
}

@manual{RLanguageEnvironment,
  author = {{R Core Team}},
  title = {R: A Language and Environment for Statistical Computing},
  organization = {R Foundation for Statistical Computing},
  address = {Vienna, Austria},
  year = {2013},
  url = {http://www.R-project.org/},
}

@manual{clvPackage,
    title = {clv: Cluster Validation Techniques},
    author = {Lukasz Nieweglowski},
    year = {2013},
    note = {R package version 0.3-2.1},
    url = {https://CRAN.R-project.org/package=clv},
}

@article{SpellmanEtal1998,
  author = {Paul T. Spellman and Gavin Sherlock and Michael Q. Zhang and Vishwanath R. Iyer and Kirk Anders and Michael B. Eisen and Patrick O. Brown and David Botstein and Bruce Futcher},
  title = {Comprehensive Identification of Cell Cycle-regulated Genes of the Yeast \textit{Saccharomyces cerevisiae} by Microarray Hybridization},
  journal = {Molecular Biology of the Cell},
  issue_date = {December 1, 1998},
  volume = {9},
  issue = {12},
  pages = {3259-3578},
  year = {1998},
  month = {December},
  day = {1},
  url = {https://doi.org/10.1091/mbc.9.12.3273},
  doi = {10.1091/mbc.9.12.3273},
  publisher = {The American Society for Cell Biology},
}